@article{PhysRevD.98.030001,
  title = {Review of Particle Physics},
  author = {Tanabashi, M. and Hagiwara, K. and Hikasa, K. and Nakamura, K. and Sumino, Y. and Takahashi, F. and Tanaka, J. and Agashe, K. and Aielli, G. and Amsler, C. and Antonelli, M. and Asner, D. M. and Baer, H. and Banerjee, Sw. and Barnett, R. M. and Basaglia, T. and Bauer, C. W. and Beatty, J. J. and Belousov, V. I. and Beringer, J. and Bethke, S. and Bettini, A. and Bichsel, H. and Biebel, O. and Black, K. M. and Blucher, E. and Buchmuller, O. and Burkert, V. and Bychkov, M. A. and Cahn, R. N. and Carena, M. and Ceccucci, A. and Cerri, A. and Chakraborty, D. and Chen, M.-C. and Chivukula, R. S. and Cowan, G. and Dahl, O. and D'Ambrosio, G. and Damour, T. and de Florian, D. and de Gouv\^ea, A. and DeGrand, T. and de Jong, P. and Dissertori, G. and Dobrescu, B. A. and D'Onofrio, M. and Doser, M. and Drees, M. and Dreiner, H. K. and Dwyer, D. A. and Eerola, P. and Eidelman, S. and Ellis, J. and Erler, J. and Ezhela, V. V. and Fetscher, W. and Fields, B. D. and Firestone, R. and Foster, B. and Freitas, A. and Gallagher, H. and Garren, L. and Gerber, H.-J. and Gerbier, G. and Gershon, T. and Gershtein, Y. and Gherghetta, T. and Godizov, A. A. and Goodman, M. and Grab, C. and Gritsan, A. V. and Grojean, C. and Groom, D. E. and Gr\"unewald, M. and Gurtu, A. and Gutsche, T. and Haber, H. E. and Hanhart, C. and Hashimoto, S. and Hayato, Y. and Hayes, K. G. and Hebecker, A. and Heinemeyer, S. and Heltsley, B. and Hern\'andez-Rey, J. J. and Hisano, J. and H\"ocker, A. and Holder, J. and Holtkamp, A. and Hyodo, T. and Irwin, K. D. and Johnson, K. F. and Kado, M. and Karliner, M. and Katz, U. F. and Klein, S. R. and Klempt, E. and Kowalewski, R. V. and Krauss, F. and Kreps, M. and Krusche, B. and Kuyanov, Yu. V. and Kwon, Y. and Lahav, O. and Laiho, J. and Lesgourgues, J. and Liddle, A. and Ligeti, Z. and Lin, C.-J. and Lippmann, C. and Liss, T. M. and Littenberg, L. and Lugovsky, K. S. and Lugovsky, S. B. and Lusiani, A. and Makida, Y. and Maltoni, F. and Mannel, T. and Manohar, A. V. and Marciano, W. J. and Martin, A. D. and Masoni, A. and Matthews, J. and Mei\ss{}ner, U.-G. and Milstead, D. and Mitchell, R. E. and M\"onig, K. and Molaro, P. and Moortgat, F. and Moskovic, M. and Murayama, H. and Narain, M. and Nason, P. and Navas, S. and Neubert, M. and Nevski, P. and Nir, Y. and Olive, K. A. and Pagan Griso, S. and Parsons, J. and Patrignani, C. and Peacock, J. A. and Pennington, M. and Petcov, S. T. and Petrov, V. A. and Pianori, E. and Piepke, A. and Pomarol, A. and Quadt, A. and Rademacker, J. and Raffelt, G. and Ratcliff, B. N. and Richardson, P. and Ringwald, A. and Roesler, S. and Rolli, S. and Romaniouk, A. and Rosenberg, L. J. and Rosner, J. L. and Rybka, G. and Ryutin, R. A. and Sachrajda, C. T. and Sakai, Y. and Salam, G. P. and Sarkar, S. and Sauli, F. and Schneider, O. and Scholberg, K. and Schwartz, A. J. and Scott, D. and Sharma, V. and Sharpe, S. R. and Shutt, T. and Silari, M. and Sj\"ostrand, T. and Skands, P. and Skwarnicki, T. and Smith, J. G. and Smoot, G. F. and Spanier, S. and Spieler, H. and Spiering, C. and Stahl, A. and Stone, S. L. and Sumiyoshi, T. and Syphers, M. J. and Terashi, K. and Terning, J. and Thoma, U. and Thorne, R. S. and Tiator, L. and Titov, M. and Tkachenko, N. P. and T\"ornqvist, N. A. and Tovey, D. R. and Valencia, G. and Van de Water, R. and Varelas, N. and Venanzoni, G. and Verde, L. and Vincter, M. G. and Vogel, P. and Vogt, A. and Wakely, S. P. and Walkowiak, W. and Walter, C. W. and Wands, D. and Ward, D. R. and Wascko, M. O. and Weiglein, G. and Weinberg, D. H. and Weinberg, E. J. and White, M. and Wiencke, L. R. and Willocq, S. and Wohl, C. G. and Womersley, J. and Woody, C. L. and Workman, R. L. and Yao, W.-M. and Zeller, G. P. and Zenin, O. V. and Zhu, R.-Y. and Zhu, S.-L. and Zimmermann, F. and Zyla, P. A. and Anderson, J. and Fuller, L. and Lugovsky, V. S. and Schaffner, P.},
  collaboration = {Particle Data Group},
  journal = {Phys. Rev. D},
  volume = {98},
  issue = {3},
  pages = {030001},
  numpages = {1898},
  year = {2018},
  month = {Aug},
  publisher = {American Physical Society},
  doi = {10.1103/PhysRevD.98.030001},
  url = {https://link.aps.org/doi/10.1103/PhysRevD.98.030001}
}
@phdthesis{AustinThesis, title={Precision measurements of the astrophysical neutrino flux}, author={Schneider, Austin William}} 

@phdthesis{TessaThesis, title={Time integrated searches for astrophysical neutrino sources using the icecube detector and gender in physics studies for the genera project}, author={Carver, Tessa}}

@inbook{pimenta_partphys, edition={2nd}, series={Undergraduate Lecture Notes in Physics (ULNP)}, title={Acceleration of Charged Cosmic Rays: The Fermi Mechanism}, booktitle={Introduction to Particle and Astroparticle Physics}, publisher={Springer, Cham}, author={ De Angelis, Alessandro and Pimenta, Mario}, pages={582–586}, collection={Undergraduate Lecture Notes in Physics (ULNP)}} 

@inbook{pimenta_partphys_compton, edition={2nd}, series={Undergraduate Lecture Notes in Physics (ULNP)}, title={Acceleration of Charged Cosmic Rays: The Fermi Mechanism}, booktitle={Introduction to Particle and Astroparticle Physics}, publisher={Springer, Cham}, author={ De Angelis, Alessandro and Pimenta, Mario}, pages={586–590}, collection={Undergraduate Lecture Notes in Physics (ULNP)}} 

@article{hillasplotsrc,
author = {Gelmini, Graciela},
year = {2009},
month = {03},
pages = {},
title = {High energy cosmic rays},
volume = {171},
journal = {Journal of Physics: Conference Series},
doi = {10.1088/1742-6596/171/1/012012}
}

@article{Yuan_2011,
	doi = {10.1088/2041-8205/730/2/l15},
	url = {https://doi.org/10.1088/2041-8205/730/2/l15},
	year = 2011,
	month = {mar},
	publisher = {American Astronomical Society},
	volume = {730},
	number = {2},
	pages = {L15},
	author = {Qiang Yuan and Peng-Fei Yin and Xue-Feng Wu and Xiao-Jun Bi and Siming Liu and Bing Zhang},
	title = {A {STATISTICAL} {MODEL} {FOR} {THE} $\upgamma$-{RAY} {VARIABILITY} {OF} {THE} {CRAB} {NEBULA}},
	journal = {The Astrophysical Journal},
	abstract = {A statistical scenario is proposed to explain the γ-ray variability and flares of the Crab Nebula, which were observed recently by the Fermi/LAT. In this scenario electrons are accelerated in a series of knots, whose sizes follow a power-law distribution. These knots presumably move outward from the pulsar and have a distribution in the Doppler boost factor. The maximal electron energy is assumed to be proportional to the size of the knot. Fluctuations at the highest energy end of the overall electron distribution will result in variable γ-ray emission via the synchrotron process in the ∼100 MeV range. Since highly boosted larger knots are rarer than smaller knots, the model predicts that the variability of the synchrotron emission increases with the photon energy. We realize such a scenario with a Monte Carlo simulation and find that the model can reproduce both the two γ-ray flares over a period of ∼1 year and the monthly scale γ-ray flux fluctuations as observed by the Fermi/LAT. The observed γ-ray spectra in both the steady and flaring states are also well reproduced.}
}

@misc{stettner2019measurement,
      title={Measurement of the Diffuse Astrophysical Muon-Neutrino Spectrum with Ten Years of IceCube Data}, 
      author={Joeran Stettner},
      year={2019},
      eprint={1908.09551},
      archivePrefix={arXiv},
      primaryClass={astro-ph.HE}
}

@article{TXS_Multimessenger,
   title={Multimessenger observations of a flaring blazar coincident with high-energy neutrino IceCube-170922A},
   volume={361},
   ISSN={1095-9203},
   url={http://dx.doi.org/10.1126/science.aat1378},
   DOI={10.1126/science.aat1378},
   number={6398},
   journal={Science},
   publisher={American Association for the Advancement of Science (AAAS)},
   author={Aartsen, Mark and Ackermann, Markus and Adams, Jenni and Aguilar, Juan Antonio and Ahlers, Markus and Ahrens, Maryon and Al Samarai, Imen and Altmann, David and Andeen, Karen and et al.},
   year={2018},
   month={Jul},
   pages={eaat1378}
}

@article{TXS_Archival,
   title={Neutrino emission from the direction of the blazar TXS 0506+056 prior to the IceCube-170922A alert},
   volume={361},
   ISSN={1095-9203},
   url={http://dx.doi.org/10.1126/science.aat2890},
   DOI={10.1126/science.aat2890},
   number={6398},
   journal={Science},
   publisher={American Association for the Advancement of Science (AAAS)},
   author={Aartsen, Mark and Ackermann, Markus and Adams, Jenni and Aguilar, Juan Antonio and Ahlers, Markus and Ahrens, Maryon and Al Samarai, Imen and Altmann, David and Andeen, Karen and et al.},
   year={2018},
   month={Jul},
   pages={147–151}
}

@article{10yr_tint,
   title={Time-Integrated Neutrino Source Searches with 10 Years of IceCube Data},
   volume={124},
   ISSN={1079-7114},
   url={http://dx.doi.org/10.1103/PhysRevLett.124.051103},
   DOI={10.1103/physrevlett.124.051103},
   number={5},
   journal={Physical Review Letters},
   publisher={American Physical Society (APS)},
   author={Aartsen, M. G. and Ackermann, M. and Adams, J. and Aguilar, J. A. and Ahlers, M. and Ahrens, M. and Alispach, C. and Andeen, K. and Anderson, T. and Ansseau, I. and et al.},
   year={2020},
   month={Feb}
}

@article{NCG_1,
   title={The cumulative background of high energy neutrinos from starburst galaxies},
   volume={2006},
   ISSN={1475-7516},
   url={http://dx.doi.org/10.1088/1475-7516/2006/05/003},
   DOI={10.1088/1475-7516/2006/05/003},
   number={05},
   journal={Journal of Cosmology and Astroparticle Physics},
   publisher={IOP Publishing},
   author={Loeb, Abraham and Waxman, Eli},
   year={2006},
   month={May},
   pages={003–003}
}

@article{NGC_2,
   title={ACTIVE GALACTIC NUCLEI, NEUTRINOS, AND INTERACTING COSMIC RAYS IN NGC 253 AND NGC 1068},
   volume={780},
   ISSN={1538-4357},
   url={http://dx.doi.org/10.1088/0004-637X/780/2/137},
   DOI={10.1088/0004-637x/780/2/137},
   number={2},
   journal={The Astrophysical Journal},
   publisher={American Astronomical Society},
   author={Yoast-Hull, Tova M. and Gallagher III, J. S. and Zweibel, Ellen G. and Everett, John E.},
   year={2013},
   month={Dec},
   pages={137}
}

@article{NGC_3,
   title={ON THE GeV AND TeV DETECTIONS OF THE STARBURST GALAXIES M82 AND NGC 253},
   volume={734},
   ISSN={1538-4357},
   url={http://dx.doi.org/10.1088/0004-637X/734/2/107},
   DOI={10.1088/0004-637x/734/2/107},
   number={2},
   journal={The Astrophysical Journal},
   publisher={American Astronomical Society},
   author={Lacki, Brian C. and Thompson, Todd A. and Quataert, Eliot and Loeb, Abraham and Waxman, Eli},
   year={2011},
   month={Jun},
   pages={107}
}

@article{AGN_model_src,
author = {Singh, K P},
year = {2013},
month = {06},
pages = {137},
title = {An X-ray view of quasars},
volume = {41},
journal = {Bulletin of the Astronomical Society of India}
}

@article{Murase_constraints,
   title={Constraining high-energy cosmic neutrino sources: Implications and prospects},
   volume={94},
   ISSN={2470-0029},
   url={http://dx.doi.org/10.1103/PhysRevD.94.103006},
   DOI={10.1103/physrevd.94.103006},
   number={10},
   journal={Physical Review D},
   publisher={American Physical Society (APS)},
   author={Murase, Kohta and Waxman, Eli},
   year={2016},
   month={Nov}
}

@article{FrankTamm,
    author = "Frank, I. M. and Tamm, I. E.",
    title = "{Coherent visible radiation of fast electrons passing through matter}",
    doi = "10.3367/UFNr.0093.196710o.0388",
    journal = "Compt. Rend. Acad. Sci. URSS",
    volume = "14",
    number = "3",
    pages = "109--114",
    year = "1937"
}

 @inbook{tavernier_pmt, title={Experimental techniques in nuclear and particle physics}, publisher={Springer}, author={Tavernier, Stefaan}, year={2014}, pages={177–181}} 
 
 @article{det_paper,
   title={The IceCube Neutrino Observatory: instrumentation and online systems},
   volume={12},
   ISSN={1748-0221},
   url={http://dx.doi.org/10.1088/1748-0221/12/03/P03012},
   DOI={10.1088/1748-0221/12/03/p03012},
   number={03},
   journal={Journal of Instrumentation},
   publisher={IOP Publishing},
   author={Aartsen, M.G. and Ackermann, M. and Adams, J. and Aguilar, J.A. and Ahlers, M. and Ahrens, M. and Altmann, D. and Andeen, K. and Anderson, T. and Ansseau, I. and et al.},
   year={2017},
   month={Mar},
   pages={P03012–P03012}
}

@article{deepcorepaper,
   title={The design and performance of IceCube DeepCore},
   volume={35},
   ISSN={0927-6505},
   url={http://dx.doi.org/10.1016/j.astropartphys.2012.01.004},
   DOI={10.1016/j.astropartphys.2012.01.004},
   number={10},
   journal={Astroparticle Physics},
   publisher={Elsevier BV},
   author={Abbasi, R. and Abdou, Y. and Abu-Zayyad, T. and Ackermann, M. and Adams, J. and Aguilar, J.A. and Ahlers, M. and Allen, M.M. and Altmann, D. and Andeen, K. and et al.},
   year={2012},
   month={May},
   pages={615–624}
}

@article{Halzen_2002,
   title={High-energy neutrino astronomy: the cosmic ray connection},
   volume={65},
   ISSN={0034-4885},
   url={http://dx.doi.org/10.1088/0034-4885/65/7/201},
   DOI={10.1088/0034-4885/65/7/201},
   number={7},
   journal={Reports on Progress in Physics},
   publisher={IOP Publishing},
   author={Halzen, Francis and Hooper, Dan},
   year={2002},
   month={Jun},
   pages={1025–1078}
}

@article{Waxman_1998,
   title={High energy neutrinos from astrophysical sources: An upper bound},
   volume={59},
   ISSN={1089-4918},
   url={http://dx.doi.org/10.1103/PhysRevD.59.023002},
   DOI={10.1103/physrevd.59.023002},
   number={2},
   journal={Physical Review D},
   publisher={American Physical Society (APS)},
   author={Waxman, Eli and Bahcall, John},
   year={1998},
   month={Dec}
}

@misc{iceproceedings,
      title={The IceCube Neutrino Observatory Part VI: Ice Properties, Reconstruction and Future Developments}, 
      author={IceCube Collaboration and M. G. Aartsen et. al},
      year={2013},
      eprint={1309.7010},
      archivePrefix={arXiv},
      primaryClass={astro-ph.HE}
}

@misc{Estes,
      title={Measurement of the Diffuse Muon Neutrino Flux using Starting Track Events in IceCube}, 
      author={Manuel Silva and Sarah Mancina},
      year={2019},
      eprint={1908.06586},
      archivePrefix={arXiv},
      primaryClass={astro-ph.HE}
}

@article{10yrpublicdata,
Author = { IceCube Collaboration and R. Abbasi et. al},
Title = {IceCube Data for Neutrino Point-Source Searches Years 2008-2018},
Year = {2021},
Eprint = {arXiv:2101.09836},
Doi = {10.21234/CPKQ-K003},
}

@misc{taupaper,
      title={Measurement of Astrophysical Tau Neutrinos in IceCube's High-Energy Starting Events}, 
      author={R. Abbasi et.al},
      year={2020},
      eprint={2011.03561},
      archivePrefix={arXiv},
      primaryClass={hep-ex}
}

@article{track_reco_paper,
   title={Muon track reconstruction and data selection techniques in AMANDA},
   volume={524},
   ISSN={0168-9002},
   url={http://dx.doi.org/10.1016/j.nima.2004.01.065},
   DOI={10.1016/j.nima.2004.01.065},
   number={1-3},
   journal={Nuclear Instruments and Methods in Physics Research Section A: Accelerators, Spectrometers, Detectors and Associated Equipment},
   publisher={Elsevier BV},
   author={Ahrens, J. and Bai, X. and Bay, R. and Barwick, S.W. and Becka, T. and Becker, J.K. and Becker, K.-H. and Bernardini, E. and Bertrand, D. and Biron, A. and et al.},
   year={2004},
   month={May},
   pages={169–194}
}

@article{icemodel_paper,
   title={Measurement of South Pole ice transparency with the IceCube LED calibration system},
   volume={711},
   ISSN={0168-9002},
   url={http://dx.doi.org/10.1016/j.nima.2013.01.054},
   DOI={10.1016/j.nima.2013.01.054},
   journal={Nuclear Instruments and Methods in Physics Research Section A: Accelerators, Spectrometers, Detectors and Associated Equipment},
   publisher={Elsevier BV},
   author={Aartsen, M.G. and Abbasi, R. and Abdou, Y. and Ackermann, M. and Adams, J. and Aguilar, J.A. and Ahlers, M. and Altmann, D. and Auffenberg, J. and Bai, X. and et al.},
   year={2013},
   month={May},
   pages={73–89}
}


@article{paraboloidpaper,
   title={Estimating the angular resolution of tracks in neutrino telescopes based on a likelihood analysis},
   volume={25},
   ISSN={0927-6505},
   url={http://dx.doi.org/10.1016/j.astropartphys.2006.01.002},
   DOI={10.1016/j.astropartphys.2006.01.002},
   number={3},
   journal={Astroparticle Physics},
   publisher={Elsevier BV},
   author={Neunhöffer, Till},
   year={2006},
   month={Apr},
   pages={220–225}
}

@article{erecopaper,
   title={Energy reconstruction methods in the IceCube neutrino telescope},
   volume={9},
   ISSN={1748-0221},
   url={http://dx.doi.org/10.1088/1748-0221/9/03/P03009},
   DOI={10.1088/1748-0221/9/03/p03009},
   number={03},
   journal={Journal of Instrumentation},
   publisher={IOP Publishing},
   author={Aartsen, M G and Abbasi, R and Ackermann, M and Adams, J and Aguilar, J A and Ahlers, M and Altmann, D and Arguelles, C and Auffenberg, J and Bai, X and et al.},
   year={2014},
   month={Mar},
   pages={P03009–P03009}
}

@article{hese7yr,
      title={The IceCube high-energy starting event sample: Description and flux characterization with 7.5 years of data}, 
      author={R. Abbasi and M. Ackermann et. al},
      year={2020},
      eprint={2011.03545},
      archivePrefix={arXiv},
      primaryClass={astro-ph.HE}
}

@article{7yr_tint,
   title={All-sky Search for Time-integrated Neutrino Emission from Astrophysical Sources with 7 yr of IceCube Data},
   volume={835},
   ISSN={1538-4357},
   url={http://dx.doi.org/10.3847/1538-4357/835/2/151},
   DOI={10.3847/1538-4357/835/2/151},
   number={2},
   journal={The Astrophysical Journal},
   publisher={American Astronomical Society},
   author={Aartsen, M. G. and Abraham, K. and Ackermann, M. and Adams, J. and Aguilar, J. A. and Ahlers, M. and Ahrens, M. and Altmann, D. and Andeen, K. and Anderson, T. and et al.},
   year={2017},
   month={Jan},
   pages={151}
}

@article{NorthernTracks_PS,
   title={Search for steady point-like sources in the astrophysical muon neutrino flux with 8 years of IceCube data},
   volume={79},
   ISSN={1434-6052},
   url={http://dx.doi.org/10.1140/epjc/s10052-019-6680-0},
   DOI={10.1140/epjc/s10052-019-6680-0},
   number={3},
   journal={The European Physical Journal C},
   publisher={Springer Science and Business Media LLC},
   author={Aartsen, M. G. and Ackermann, M. and Adams, J. and Aguilar, J. A. and Ahlers, M. and Ahrens, M. and Altmann, D. and Andeen, K. and Anderson, T. and et al.},
   year={2019},
   month={Mar}
}

@book{barlow_1989, place={West Sussex}, title={Statistics: A Guide to the Use of Statistical Methods in the Physical Sciences}, publisher={Wiley and Sons}, author={Barlow, R J}, year={1989}}

@phdthesis{Reimann:2019zby,
    author = "Reimann, Ren\'e",
    title = "{Search for the sources of the astrophysical high-energy muon-neutrino flux with the IceCube neutrino observatory}",
    doi = "10.18154/RWTH-2019-11012",
    school = "RWTH Aachen U.",
    year = "2019"
}

@article{Braun_2010,
   title={Time-dependent point source search methods in high energy neutrino astronomy},
   volume={33},
   ISSN={0927-6505},
   url={http://dx.doi.org/10.1016/j.astropartphys.2010.01.005},
   DOI={10.1016/j.astropartphys.2010.01.005},
   number={3},
   journal={Astroparticle Physics},
   publisher={Elsevier BV},
   author={Braun, Jim and Baker, Mike and Dumm, Jon and Finley, Chad and Karle, Albrecht and Montaruli, Teresa},
   year={2010},
   month={Apr},
   pages={175–181}
}

@article{fermi_3lac,
   title={THE THIRD CATALOG OF ACTIVE GALACTIC NUCLEI DETECTED BY THEFERMILARGE AREA TELESCOPE},
   volume={810},
   ISSN={1538-4357},
   url={http://dx.doi.org/10.1088/0004-637X/810/1/14},
   DOI={10.1088/0004-637x/810/1/14},
   number={1},
   journal={The Astrophysical Journal},
   publisher={American Astronomical Society},
   author={Ackermann, M. and Ajello, M. and Atwood, W. B. and Baldini, L. and Ballet, J. and Barbiellini, G. and Bastieri, D. and Gonzalez, J. Becerra and Bellazzini, R. and Bissaldi, E. and et al.},
   year={2015},
   month={Aug},
   pages={14}
}

@article{2lac_ic,
   title={THE CONTRIBUTION OFFERMI-2LAC BLAZARS TO DIFFUSE TEV–PEV NEUTRINO FLUX},
   volume={835},
   ISSN={1538-4357},
   url={http://dx.doi.org/10.3847/1538-4357/835/1/45},
   DOI={10.3847/1538-4357/835/1/45},
   number={1},
   journal={The Astrophysical Journal},
   publisher={American Astronomical Society},
   author={Aartsen, M. G. and Abraham, K. and Ackermann, M. and Adams, J. and Aguilar, J. A. and Ahlers, M. and Ahrens, M. and Altmann, D. and Andeen, K. and Anderson, T. and et al.},
   year={2017},
   month={Jan},
   pages={45}
}

@misc{fermi3fgl,
      title={Fermi Large Area Telescope Third Source Catalog}, 
      author={LAT Collaboration},
      year={2015},
      eprint={1501.02003},
      archivePrefix={arXiv},
      primaryClass={astro-ph.HE}
}

@article{fava_paper,
   title={The Second Catalog of Flaring Gamma-Ray Sources from theFermi All-sky Variability Analysis},
   volume={846},
   ISSN={1538-4357},
   url={http://dx.doi.org/10.3847/1538-4357/aa8092},
   DOI={10.3847/1538-4357/aa8092},
   number={1},
   journal={The Astrophysical Journal},
   publisher={American Astronomical Society},
   author={Abdollahi, S. and Ackermann, M. and Ajello, M. and Albert, A. and Baldini, L. and Ballet, J. and Barbiellini, G. and Bastieri, D. and Becerra Gonzalez, J. and Bellazzini, R. and et al.},
   year={2017},
   month={Aug},
   pages={34}
}

@article{healpy2019,
  doi = {10.21105/joss.01298},
  url = {https://doi.org/10.21105/joss.01298},
  year = {2019},
  publisher = {The Open Journal},
  volume = {4},
  number = {35},
  pages = {1298},
  author = {Andrea Zonca and Leo P. Singer and Daniel Lenz and Martin Reinecke and Cyrille Rosset and Eric Hivon and Krzysztof M. Gorski},
  title = {healpy: equal area pixelization and spherical harmonics transforms for data on the sphere in Python},
  journal = {Journal of Open Source Software}
}

@article{Hopkins_2006,
   title={On the Normalization of the Cosmic Star Formation History},
   volume={651},
   ISSN={1538-4357},
   url={http://dx.doi.org/10.1086/506610},
   DOI={10.1086/506610},
   number={1},
   journal={The Astrophysical Journal},
   publisher={American Astronomical Society},
   author={Hopkins, Andrew M. and Beacom, John F.},
   year={2006},
   month={Nov},
   pages={142–154}
}


@article{astroneutrinos,
   title={Evidence for High-Energy Extraterrestrial Neutrinos at the IceCube Detector},
   volume={342},
   ISSN={1095-9203},
   url={http://dx.doi.org/10.1126/science.1242856},
   DOI={10.1126/science.1242856},
   number={6161},
   journal={Science},
   publisher={American Association for the Advancement of Science (AAAS)},
   year={2013},
   month={Nov},
   pages={1242856–1242856}
}

@misc{silva2019measurement,
      title={Measurement of the Diffuse Muon Neutrino Flux using Starting Track Events in IceCube}, 
      author={Manuel Silva and Sarah Mancina},
      year={2019},
      eprint={1908.06586},
      archivePrefix={arXiv},
      primaryClass={astro-ph.HE}
}

@article{Bionta:1987qt,
    author = "Bionta, R. M. and others",
    title = "{Observation of a Neutrino Burst in Coincidence with Supernova SN 1987a in the Large Magellanic Cloud}",
    reportNumber = "UCI-NEUTRINO-87-10",
    doi = "10.1103/PhysRevLett.58.1494",
    journal = "Phys. Rev. Lett.",
    volume = "58",
    pages = "1494",
    year = "1987"
}

@misc{kappes2007km3net,
      title={KM3NeT: A Next Generation Neutrino Telescope in the Mediterranean Sea}, 
      author={A. Kappes},
      year={2007},
      eprint={0711.0563},
      archivePrefix={arXiv},
      primaryClass={astro-ph}
}

@article{Agostini_2020,
   title={The Pacific Ocean Neutrino Experiment},
   volume={4},
   ISSN={2397-3366},
   url={http://dx.doi.org/10.1038/s41550-020-1182-4},
   DOI={10.1038/s41550-020-1182-4},
   number={10},
   journal={Nature Astronomy},
   publisher={Springer Science and Business Media LLC},
   author={Agostini, Matteo and Böhmer, Michael and Bosma, Jeff and Clark, Kenneth and Danninger, Matthias and Fruck, Christian and Gernhäuser, Roman and Gärtner, Andreas and Grant, Darren and Henningsen, Felix and et al.},
   year={2020},
   month={Sep},
   pages={913–915}
}

@article{pwn_2020,
   title={IceCube Search for High-energy Neutrino Emission from TeV Pulsar Wind Nebulae},
   volume={898},
   ISSN={1538-4357},
   url={http://dx.doi.org/10.3847/1538-4357/ab9fa0},
   DOI={10.3847/1538-4357/ab9fa0},
   number={2},
   journal={The Astrophysical Journal},
   publisher={American Astronomical Society},
   author={Aartsen, M. G. and Ackermann, M. and Adams, J. and Aguilar, J. A. and Ahlers, M. and Ahrens, M. and Alispach, C. and Andeen, K. and Anderson, T. and Ansseau, I. and et al.},
   year={2020},
   month={Jul},
   pages={117}
}

@article{snr_2020,
   title={Neutrinos below 100 TeV from the southern sky employing refined veto techniques to IceCube data},
   volume={116},
   ISSN={0927-6505},
   url={http://dx.doi.org/10.1016/j.astropartphys.2019.102392},
   DOI={10.1016/j.astropartphys.2019.102392},
   journal={Astroparticle Physics},
   publisher={Elsevier BV},
   author={Aartsen, M.G. and Ackermann, M. and Adams, J. and A. Aguilar, J. and Ahlers, M. and Ahrens, M. and Alispach, C. and Altmann, D. and Andeen, K. and Anderson, T. and et al.},
   year={2020},
   month={Mar},
   pages={102392}
}

@article{IceCubeGlashow,
    author = "Aartsen, M. G. and others",
    collaboration = "IceCube",
    title = "{Detection of a particle shower at the Glashow resonance with IceCube}",
    doi = "10.1038/s41586-021-03256-1",
    journal = "Nature",
    volume = "591",
    number = "7849",
    pages = "220--224",
    year = "2021",
    note = "[Erratum: Nature 592, E11 (2021)]"
}

@article{nuxsection,
   title={From eV to EeV: Neutrino cross sections across energy scales},
   volume={84},
   ISSN={1539-0756},
   url={http://dx.doi.org/10.1103/RevModPhys.84.1307},
   DOI={10.1103/revmodphys.84.1307},
   number={3},
   journal={Reviews of Modern Physics},
   publisher={American Physical Society (APS)},
   author={Formaggio, J. A. and Zeller, G. P.},
   year={2012},
   month={Sep},
   pages={1307–1341}
}

@misc{cascade_dnn_paper,
      title={A Convolutional Neural Network based Cascade Reconstruction for the IceCube Neutrino Observatory}, 
      author={R. Abbasi and M. Ackermann and J. Adams and J. A. Aguilar and M. Ahlers and M. Ahrens and C. Alispach and A. A. Alves Jr. au2 and N. M. Amin and R. An and K. Andeen and T. Anderson and I. Ansseau and G. Anton and C. Argüelles and S. Axani and X. Bai and A. Balagopal V. and A. Barbano and S. W. Barwick and B. Bastian and V. Basu and V. Baum and S. Baur and R. Bay and J. J. Beatty and K. -H. Becker and J. Becker Tjus and C. Bellenghi and S. BenZvi and D. Berley and E. Bernardini and D. Z. Besson and G. Binder and D. Bindig and E. Blaufuss and S. Blot and S. Böser and O. Botner and J. Böttcher and E. Bourbeau and J. Bourbeau and F. Bradascio and J. Braun and S. Bron and J. Brostean-Kaiser and A. Burgman and R. S. Busse and M. A. Campana and C. Chen and D. Chirkin and S. Choi and B. A. Clark and K. Clark and L. Classen and A. Coleman and G. H. Collin and J. M. Conrad and P. Coppin and P. Correa and D. F. Cowen and R. Cross and P. Dave and C. De Clercq and J. J. DeLaunay and H. Dembinski and K. Deoskar and S. De Ridder and A. Desai and P. Desiati and K. D. de Vries and G. de Wasseige and M. de With and T. DeYoung and S. Dharani and A. Diaz and J. C. Díaz-Vélez and H. Dujmovic and M. Dunkman and M. A. DuVernois and E. Dvorak and T. Ehrhardt and P. Eller and R. Engel and J. Evans and P. A. Evenson and S. Fahey and A. R. Fazely and S. Fiedlschuster and A. T. Fienberg and K. Filimonov and C. Finley and L. Fischer and D. Fox and A. Franckowiak and E. Friedman and A. Fritz and P. Fürst and T. K. Gaisser and J. Gallagher and E. Ganster and S. Garrappa and L. Gerhardt and A. Ghadimi and C. Glaser and T. Glauch and T. Glüsenkamp and A. Goldschmidt and J. G. Gonzalez and S. Goswami and D. Grant and T. Grégoire and Z. Griffith and S. Griswold and M. Gündüz and C. Haack and A. Hallgren and R. Halliday and L. Halve and F. Halzen and M. Ha Minh and K. Hanson and J. Hardin and A. A. Harnisch and A. Haungs and S. Hauser and D. Hebecker and K. Helbing and F. Henningsen and E. C. Hettinger and S. Hickford and J. Hignight and C. Hill and G. C. Hill and K. D. Hoffman and R. Hoffmann and T. Hoinka and B. Hokanson-Fasig and K. Hoshina and F. Huang and M. Huber and T. Huber and K. Hultqvist and M. Hünnefeld and R. Hussain and S. In and N. Iovine and A. Ishihara and M. Jansson and G. S. Japaridze and M. Jeong and B. J. P. Jones and R. Joppe and D. Kang and W. Kang and X. Kang and A. Kappes and D. Kappesser and T. Karg and M. Karl and A. Karle and U. Katz and M. Kauer and M. Kellermann and J. L. Kelley and A. Kheirandish and J. Kim and K. Kin and T. Kintscher and J. Kiryluk and S. R. Klein and R. Koirala and H. Kolanoski and L. Köpke and C. Kopper and S. Kopper and D. J. Koskinen and P. Koundal and M. Kovacevich and M. Kowalski and K. Krings and G. Krückl and N. Kurahashi and A. Kyriacou and C. Lagunas Gualda and J. L. Lanfranchi and M. J. Larson and F. Lauber and J. P. Lazar and K. Leonard and A. Leszczyńska and Y. Li and Q. R. Liu and E. Lohfink and C. J. Lozano Mariscal and L. Lu and F. Lucarelli and A. Ludwig and W. Luszczak and Y. Lyu and W. Y. Ma and J. Madsen and K. B. M. Mahn and Y. Makino and P. Mallik and S. Mancina and I. C. Mari{ş} and R. Maruyama and K. Mase and F. McNally and K. Meagher and A. Medina and M. Meier and S. Meighen-Berger and J. Merz and J. Micallef and D. Mockler and G. Momenté and T. Montaruli and R. W. Moore and K. Morik and R. Morse and M. Moulai and R. Naab and R. Nagai and U. Naumann and J. Necker and L. V. Nguy{\~{ê}}n and H. Niederhausen and M. U. Nisa and S. C. Nowicki and D. R. Nygren and A. Obertacke Pollmann and M. Oehler and A. Olivas and E. O'Sullivan and H. Pandya and D. V. Pankova and N. Park and G. K. Parker and E. N. Paudel and P. Peiffer and C. Pérez de los Heros and S. Philippen and D. Pieloth and S. Pieper and A. Pizzuto and M. Plum and Y. Popovych and A. Porcelli and M. Prado Rodriguez and P. B. Price and B. Pries and G. T. Przybylski and C. Raab and A. Raissi and M. Rameez and K. Rawlins and I. C. Rea and A. Rehman and R. Reimann and M. Renschler and G. Renzi and E. Resconi and S. Reusch and W. Rhode and M. Richman and B. Riedel and S. Robertson and G. Roellinghoff and M. Rongen and C. Rott and T. Ruhe and D. Ryckbosch and D. Rysewyk Cantu and I. Safa and S. E. Sanchez Herrera and A. Sandrock and J. Sandroos and M. Santander and S. Sarkar and S. Sarkar and K. Satalecka and M. Scharf and M. Schaufel and H. Schieler and P. Schlunder and T. Schmidt and A. Schneider and J. Schneider and F. G. Schröder and L. Schumacher and S. Sclafani and D. Seckel and S. Seunarine and A. Sharma and S. Shefali and M. Silva and B. Skrzypek and B. Smithers and R. Snihur and J. Soedingrekso and D. Soldin and G. M. Spiczak and C. Spiering and J. Stachurska and M. Stamatikos and T. Stanev and R. Stein and J. Stettner and A. Steuer and T. Stezelberger and R. G. Stokstad and T. Stürwald and T. Stuttard and G. W. Sullivan and I. Taboada and F. Tenholt and S. Ter-Antonyan and S. Tilav and F. Tischbein and K. Tollefson and L. Tomankova and C. Tönnis and S. Toscano and D. Tosi and A. Trettin and M. Tselengidou and C. F. Tung and A. Turcati and R. Turcotte and C. F. Turley and J. P. Twagirayezu and B. Ty and M. A. Unland Elorrieta and N. Valtonen-Mattila and J. Vandenbroucke and D. van Eijk and N. van Eijndhoven and D. Vannerom and J. van Santen and S. Verpoest and M. Vraeghe and C. Walck and A. Wallace and T. B. Watson and C. Weaver and A. Weindl and M. J. Weiss and J. Weldert and C. Wendt and J. Werthebach and M. Weyrauch and B. J. Whelan and N. Whitehorn and K. Wiebe and C. H. Wiebusch and D. R. Williams and M. Wolf and K. Woschnagg and G. Wrede and J. Wulff and X. W. Xu and Y. Xu and J. P. Yanez and S. Yoshida and T. Yuan and Z. Zhang},
      year={2021},
      eprint={2101.11589},
      archivePrefix={arXiv},
      primaryClass={hep-ex}
}

@misc{muonfilter_ref,
      title={Icecube muon filter for 2010 pole season}, 
      author={IceCube Collaboration},
      year={2010},
      eprint={https://user-web.icecube.wisc.edu/~mfbaker/IC77/MuonFilter2010v1.pdf}
}

@misc{firesong_ref,
      title={Icecube muon filter for 2010 pole season}, 
      author={https://github.com/ChrisCFTung/FIRESONG},
      year={2021}
}
